@article{1,
    author =       "json.org",
    title =        "{JSON}.",
    year =         "2018",
    url =          "http://json.org/"
}
@article{2,
    author =       "bsonspec.org",
    title =        "{BSON}.",
    year =         "2018",
    url =          "http://bsonspec.org/"
}
@article{1,
    author =       "MongoDB Inc",
    title =        "{MongoDB}.",
    year =         "2018",
    url =          "https://www.mongodb.com/"
}
@article{1,
    author =       "Dinesh Ramalingam",
    title =        "{MongoDB MMap vs WiredTiger- A comprehensive comparison}.",
    year =         "2015",
    url =          "https://www.vembu.com/blog/mongodb-mmap-vs-wiredtiger-comprehensive-comparison/"
}






